<?xml version="1.0" encoding="UTF-8"?><collection xmlns="http://www.loc.gov/MARC21/slim"><record><leader>00476nam--2200133-i-4500</leader><controlfield tag="001">000017310</controlfield><controlfield tag="002">20161230</controlfield><controlfield tag="005">20161230201032</controlfield><controlfield tag="008">060222s1000------------r-----000-0-eng-d</controlfield><datafield ind1=" " ind2=" " tag="100"><subfield code="a">Vancea, Ion-vasile</subfield></datafield><datafield ind1=" " ind2=" " tag="245"><subfield code="a">Contributii la cuantificarea brst a campurilor</subfield></datafield><datafield ind1=" " ind2=" " tag="260"><subfield code="a">Coomologia Brst A Stringurilor Si A Superstringurilor Si Constrangerile Supergravitatiei Euclidiene. Teza</subfield></datafield><datafield ind1=" " ind2=" " tag="490"><subfield code="a">Bucuresti, Institutul De Fizica Atomica, 1998. 133 P</subfield></datafield><datafield ind1=" " ind2=" " tag="852"><subfield code="a">530.145.6:515.14(043)</subfield></datafield></record></collection>